
@book{Jensen_IntroductionComputationalChemistry_2007,
  location = {{Chichester}},
  title = {Introduction to {{Computational Chemistry}}},
  edition = {2},
  isbn = {978-0-470-01186-7},
  url = {http://books.google.de/books?id=Bkl4QgAACAAJ},
  publisher = {{Wiley}},
  date = {2007},
  keywords = {\#nosource},
  author = {Jensen, F}
}

@book{Koch_ChemistGuideDensity_2001,
  location = {{Weinheim}},
  title = {A {{Chemist}}'s {{Guide}} to {{Density Functional Theory}}},
  edition = {2},
  isbn = {978-3-527-30422-6},
  url = {http://books.google.de/books?id=ZeGzQgAACAAJ},
  publisher = {{Wiley}},
  date = {2001},
  keywords = {\#nosource},
  author = {Koch, W and Holthausen, M C}
}

@book{Dresselhaus-Dresselhaus-1995,
  title = {Science of {{Fullerenes}} and {{Carbon Nanotubes}}},
  publisher = {{Academic Press, New York}},
  date = {1995},
  keywords = {\#nosource},
  author = {Dresselhaus, M. S. and Dresselhaus, G. and Eklund, P. C.}
}

@book{Sheka-2011,
  title = {Fullerenes: {{Nanochemistry}}, {{Nanomagnetism}}, {{Nanomedicine}}, {{Nanophotonics}}},
  publisher = {{CRC Press, Taylor \& Francis, Boca Radon}},
  date = {2011},
  keywords = {\#nosource},
  author = {Sheka, Elena Fedorovna}
}

@book{Hirsch-Brettreich-2005,
  title = {Fullerenes: {{Chemistry}} and {{Reactions}}},
  publisher = {{Wiley-VCH, Weinheim}},
  date = {2005},
  keywords = {\#nosource},
  author = {Hirsch, Andreas and Brettreich, Michael and Wudl, Fred}
}

@book{Cataldo-Ori-2011,
  title = {The Mathematics and Topology of Fullerenes},
  publisher = {{Springer, Berlin}},
  date = {2011},
  keywords = {\#nosource},
  author = {Cataldo, Franco and Graovac, Ante and Ori, Ottorino}
}

@book{Dierkes-Hildebrandt-2010,
  title = {Global Analysis of Minimal Surfaces},
  volume = {341},
  publisher = {{Springer, Berlin}},
  date = {2010},
  keywords = {\#nosource},
  author = {Dierkes, Ulrich and Hildebrandt, Stefan}
}

@book{Trinajstic-1983,
  location = {{Boca Raton, FL}},
  title = {Chemical {{Graph Theory}}},
  isbn = {0-8493-5273-8 978-0-8493-5273-7},
  publisher = {{CRC}},
  date = {1983},
  keywords = {\#nosource},
  author = {Trinajstic, N.}
}

@book{Devadoss-ORourke-2011,
  location = {{Princeton}},
  title = {Discrete and {{Computational Geometry}}},
  publisher = {{Princeton University Press}},
  date = {2011},
  keywords = {\#nosource},
  author = {Devadoss, Satyan L. and O'Rourke, Joseph}
}

@book{Lovasz-Plummer-1986,
  location = {{Amsterdam}},
  title = {Matching {{Theory}}},
  isbn = {0 444 87916 1},
  publisher = {{Elsevier}},
  date = {1986},
  keywords = {\#nosource},
  author = {Lovász, L. and Plummer, M. D.}
}

@book{Diudea-2000,
  location = {{New York}},
  title = {Molecular {{Topolgy}}},
  publisher = {{Nova Science}},
  date = {2001},
  keywords = {\#nosource},
  author = {Diudea, Mircea V. and Gutman, Ivan and Jantschi, Lorentz}
}

@collection{Kadish-Ruoff-2000,
  location = {{New York}},
  title = {Fullerenes: {{Chemistry}}, {{Physics}}, and {{Technology}}},
  publisher = {{Wiley-Interscience}},
  date = {2000},
  keywords = {\#nosource},
  editor = {Kadish, Karl M. and Ruoff, Rodney S.}
}

@book{Sutton-1983,
  location = {{New York}},
  title = {Platonic and {{Archimedean Solids}}},
  publisher = {{Wooden Books}},
  date = {2002},
  keywords = {\#nosource},
  author = {Sutton, D.}
}

@book{Garey-1983,
  location = {{New York}},
  title = {Computers and {{Intractability}}: {{A Guide}} to the {{Theory}} of {{NP}}-{{Completeness}}},
  publisher = {{Oxford University Press}},
  date = {1983},
  keywords = {\#nosource},
  author = {Garey, M. R. and Johnson, D. S.}
}

@book{Diestel-2000,
  location = {{New York}},
  title = {Graph {{Theory}}},
  publisher = {{Springer}},
  date = {2000},
  keywords = {\#nosource},
  author = {Diestel, R.}
}

@book{Fowler-atlas-2006,
  location = {{Mineolal, New York}},
  title = {An {{Atlas}} of {{Fullerenes}}},
  edition = {2},
  publisher = {{Dover Publications}},
  date = {2006},
  keywords = {\#nosource},
  author = {Fowler, Patrick W and Manolopoulos, D E}
}

@collection{Beineke-graph-theory-1978,
  location = {{London, New York, San Francisco}},
  title = {Selected {{Topics}} in {{Graph Theory}}},
  publisher = {{Academic Press}},
  date = {1978},
  keywords = {\#nosource},
  editor = {Beineke, Lowell W and Wilson, Robin J}
}

@book{Papadimitriou-combinatorics-1998,
  location = {{New York}},
  title = {Combinatorial {{Optimization}}: {{Algorithms}} and {{Complexity}}},
  publisher = {{Dover Books on Computer Science}},
  date = {1998},
  keywords = {\#nosource},
  author = {Papadimitriou, Christos H. and Steiglitz, Kenneth}
}

@book{Coxeter-1981,
  title = {Zero-{{Symmetric Graphs}}: {{Trivalent Graphical Regular Representations}} of {{Groups}}},
  publisher = {{Academic Press, New York}},
  date = {1981},
  keywords = {\#nosource},
  author = {Coxeter, H. S. M. and Frucht, R. and Powers, D. L.}
}

@book{Berge-1973,
  title = {Graphs and {{Hypergraphs}}},
  publisher = {{Elsevier, New York}},
  date = {1973},
  keywords = {\#nosource},
  author = {Berge, Claude}
}

@collection{Heath-acs-1992,
  title = {Fullerenes: {{Synthesis}}, {{Properties}}, and {{Chemistry}} of {{Large Carbon Clusters}}},
  isbn = {0-8412-2182-0},
  series = {ACS Symposium Series},
  publisher = {{ACD}},
  date = {1992},
  keywords = {\#nosource},
  editor = {George S. Hammond, Valerie J. Kuck}
}

@book{Cioslowski-1995,
  location = {{New York}},
  title = {Electronic {{Structure Calculations}} on {{Fullerenes}} and {{Their Derivatives}}},
  publisher = {{Wooden Books}},
  date = {1995},
  keywords = {\#nosource},
  author = {Cioslowski, J.}
}

@incollection{Schwenk-Wilson-1978,
  location = {{London New York SanFrancisco}},
  title = {Eigenvalues of {{Graphs}}},
  booktitle = {Selected {{Topics}} in {{Graph Theory}}},
  publisher = {{Academic Press}},
  date = {1978},
  keywords = {\#nosource},
  author = {Schwenk, Allen J and Wilson, Robin J},
  editor = {Beineke, Lowell W and Wilson, Robin J}
}

@incollection{Janezik-2007,
  volume = {3},
  isbn = {978-96-81829-72-1},
  booktitle = {Graph {{Theoretical Matrices}} in {{Chemistry}}},
  series = {Mathematical Chemistry Monographs},
  publisher = {{University of Kragujevac, Kragujevac}},
  date = {2007},
  keywords = {\#nosource},
  author = {Janězǐc, Dǔsanka and Milǐcević, Ante and Nikolić, Sonja and Trinajstić, Nenad},
  editor = {Gutman, Ivan}
}

@incollection{Brandenburg-1996,
  title = {An Experimental Comparison of Force-Directed and Randomized Graph Drawing Algorithms},
  volume = {1027},
  isbn = {978-3-540-60723-6},
  url = {http://dx.doi.org/10.1007/BFb0021792},
  booktitle = {Graph {{Drawing}}},
  series = {Lecture Notes in Computer Science},
  publisher = {{Springer Berlin Heidelberg}},
  date = {1996},
  pages = {76--87},
  keywords = {\#nosource},
  author = {Brandenburg, Franz J. and Himsolt, Michael and Rohrer, Christoph},
  editor = {Brandenburg, Franz J.},
  doi = {10.1007/BFb0021792}
}

@incollection{Charlier-2008,
  title = {Electron and {{Phonon Properties}} of {{Graphene}}: {{Their Relationship}} with {{Carbon Nanotubes}}},
  booktitle = {Carbon {{Nanotubes}}: {{Advanced Topics}} in the {{Synthesis}}, {{Structure}}, {{Properties}} and {{Applications}}},
  publisher = {{Springer, Berlin}},
  date = {2008},
  keywords = {\#nosource},
  author = {Charlier, J.-C. and Eklund, P.C. and Zhu, J. and Ferrari, A.C.},
  editor = {Jorio, A. and G., Dresselhaus and Dresselhaus, M.S.}
}

@incollection{Ori-2014,
  title = {Generalized {{Stone}}-{{Wales Transformations}} for {{Fullerene Graphs Derived}} from {{Berge}}'s {{Switching Theorem}}},
  volume = {16},
  booktitle = {Ante {{Graovac}} -- {{Life}} and {{Works}}},
  publisher = {{Mathematical Chemistry Monographs}},
  date = {2014},
  pages = {259--272},
  keywords = {\#nosource},
  author = {Ori, Ottorino and Putz, M. V. and Gutman, Ivan and Schwerdtfeger, Peter},
  editor = {Gutman, Ivan and Pokric, Biserka and Vukicevic, Damir},
  categories = {graph-theory/2-switches}
}

@incollection{Benedek-2011,
  title = {The {{Topological Background}} of {{Schwarzite Physics}}},
  volume = {16},
  booktitle = {The Mathematics and Topology of Fullerenes},
  publisher = {{Springer, Berlin}},
  date = {2011},
  pages = {214--247},
  keywords = {\#nosource},
  author = {Benedek, G.},
  editor = {Cataldo, Franco and Graovac, Ante and Ori, Ottorino}
}

@incollection{Vizitiu-Diudea-2011,
  title = {{{C}}₆₀ {{Structural Relatives}} -- {{An Omega}}-{{Aided Topological Study}}},
  volume = {16},
  booktitle = {The Mathematics and Topology of Fullerenes},
  publisher = {{Springer, Berlin}},
  date = {2011},
  pages = {39--60},
  keywords = {\#nosource},
  author = {Vizitiu, A. E. and Diudea, M. V.},
  editor = {Cataldo, Franco and Graovac, Ante and Ori, Ottorino}
}

@incollection{Karp-1972,
  title = {Reducibility {{Among Combinatorial Problems}}},
  booktitle = {Complexity of {{Computer Computations}}},
  publisher = {{Plenum Press}},
  date = {1972},
  pages = {85--103},
  keywords = {\#nosource},
  author = {Karp, R. M.},
  editor = {Miller, R. E. and Thatcher, J. W.},
  categories = {graph-theory/Hamiltonian}
}

@book{Kroto-1993,
  title = {The Fullerenes},
  publisher = {{Newnes}},
  date = {1993},
  keywords = {\#nosource},
  author = {Kroto, Harold W and Fischer, John E and Cox, Deann}
}

@book{Gray-2000,
  location = {{Oxford}},
  title = {The {{Hilbert Challenge}}},
  publisher = {{Oxford University Press}},
  date = {2000},
  keywords = {\#nosource},
  author = {Gray, Jeremy J}
}

@book{Langa-2007,
  location = {{Cambridge}},
  title = {Fullerenes - {{Principles}} and {{Applications}}},
  publisher = {{Royal Society of Chemistry}},
  date = {2007},
  keywords = {\#nosource},
  author = {Fernando Langa, Jean-Francois Nierengarten}
}

@incollection{Barnette-1969,
  booktitle = {Recent {{Progress}} in {{Combinatorics}}},
  publisher = {{Academic Press, New York}},
  date = {1969},
  pages = {343},
  keywords = {\#nosource},
  author = {Barnette, D.},
  editor = {Tutte, W T}
}

@book{Richeson-2012,
  title = {Euler's {{Gem}}: {{The}} Polyhedron Formula and the Birth of Topology},
  publisher = {{Princeton University Press}},
  date = {2012},
  keywords = {\#nosource},
  author = {Richeson, David S}
}

@incollection{Hopp-Reeve-1996,
  title = {An {{Algorithm}} for {{Computing}} the {{Minimum Covering Sphere}} in {{Any Dimension}}},
  booktitle = {{{NIST IR5381}}},
  series = {NIST},
  publisher = {{NIST}},
  date = {1996},
  pages = {1--8},
  keywords = {\#nosource},
  author = {Hopp, Theodore H. and Reeve, Charles P.},
  editor = {COMMERCE, U.S. DEPARTMENT OF}
}

@incollection{Nielsen-2004,
  title = {Approximating {{Smallest Enclosing Balls}}},
  volume = {3045},
  isbn = {978-3-540-22057-2},
  url = {http://dx.doi.org/10.1007/978-3-540-24767-8\{_\}16},
  booktitle = {Computational {{Science}} and {{Its Applications}} -- {{ICCSA}} 2004},
  series = {Lecture Notes in Computer Science},
  publisher = {{Springer Berlin Heidelberg}},
  date = {2004},
  pages = {147--157},
  keywords = {\#nosource},
  author = {Nielsen, Frank and Nock, Richard},
  editor = {Laganá, Antonio and Gavrilova, MarinaL. and Kumar, Vipin and Mun, Youngsong and Tan, C.J.Kenneth and Gervasi, Osvaldo},
  doi = {10.1007/978-3-540-24767-8\\_16}
}

@book{Stroustrup_programminglanguage_2000,
  location = {{Reading, Mass}},
  title = {The {{C}}++ Programming Language},
  edition = {Special ed.},
  isbn = {0-201-70073-5},
  publisher = {{Addison-Wesley}},
  date = {2000},
  keywords = {C++ (Computer program language),\#nosource},
  author = {Stroustrup, Bjarne}
}

@book{Fletcher_Practicalmethodsoptimization_1987,
  langid = {english},
  location = {{Chichester; New York}},
  title = {Practical Methods of Optimization},
  edition = {2},
  isbn = {978-1-118-72320-3},
  url = {http://catalog.hathitrust.org/api/volumes/oclc/15429523.html},
  publisher = {{Wiley}},
  urldate = {2018-04-18},
  date = {1987},
  author = {Fletcher, R},
  file = {/home/trombach/.zotero/zotero/yhjnkvs7.default/zotero/storage/QBUH8MJ2/Practical Methods of Optimization.pdf}
}

@book{Polak_ComputationalMethodsOptimization_1971,
  langid = {english},
  location = {{New York, London}},
  title = {Computational {{Methods}} in {{Optimization}}: {{A Unified Approach}}},
  isbn = {978-0-08-096091-3},
  shorttitle = {Computational {{Methods}} in {{Optimization}}},
  publisher = {{Academic Press}},
  date = {1971},
  keywords = {Business & Economics / Economics / Microeconomics},
  author = {Polak, E.},
  eprinttype = {googlebooks}
}

@book{West_Introductiongraphtheory_2001,
  location = {{Upper Saddle River}},
  title = {Introduction to Graph Theory},
  edition = {2},
  isbn = {978-0-13-014400-3},
  publisher = {{Prentice Hall}},
  date = {2001},
  keywords = {Graph theory,\#nosource},
  author = {West, Douglas Brent}
}

@book{Balakrishnan_Schaumoutlinetheory_1997,
  location = {{New York}},
  title = {Schaum's Outline of Theory and Problems of Graph Theory},
  isbn = {978-0-07-005489-9},
  series = {Schaum's outline series},
  publisher = {{McGraw-Hill}},
  date = {1997},
  keywords = {Graph theory,Outlines; syllabi; etc,Problems; exercises; etc,\#nosource},
  author = {Balakrishnan, V. K.}
}

@book{Conway_SpherePackingsLattices_1999,
  location = {{New York}},
  title = {Sphere {{Packings}}, {{Lattices}} and {{Groups}}},
  volume = {290},
  isbn = {978-1-4419-3134-4},
  url = {http://link.springer.com/10.1007/978-1-4757-6568-7},
  series = {Grundlehren der mathematischen Wissenschaften},
  publisher = {{Springer New York}},
  urldate = {2018-09-23},
  date = {1999},
  keywords = {\#nosource},
  author = {Conway, J. H. and Sloane, N. J. A.},
  editorb = {Chern, S. S. and Eckmann, B. and de la Harpe, P. and Hironaka, H. and Hirzebruch, F. and Hitchin, N. and Hörmander, L. and Knus, M.-A. and Kupiainen, A. and Lannes, J. and Lebeau, G. and Ratner, M. and Serre, D. and Sinai, Ya. G. and Sloane, N. J. A. and Tits, J. and Waldschmidt, M. and Watanabe, S. and Berger, M. and Coates, J. and Varadhan, S. R. S.},
  editorbtype = {redactor},
  options = {useprefix=true},
  doi = {10.1007/978-1-4757-6568-7}
}

@book{Hirschfelder_Moleculartheorygases_1964,
  langid = {english},
  location = {{New York}},
  title = {Molecular Theory of Gases and Liquids},
  edition = {Corr. print. with notes added},
  isbn = {978-0-471-40065-3},
  series = {Structure of matter series},
  publisher = {{Wiley}},
  date = {1964},
  author = {Hirschfelder, Joseph Oakland and Curtiss, Charles Francis and Bird, Robert Byron}
}

@book{Wales_Energylandscapes_2003,
  location = {{Cambridge, UK}},
  title = {Energy {{Landscapes}}},
  isbn = {978-0-521-81415-7},
  series = {Cambridge molecular science},
  publisher = {{Cambridge University Press}},
  date = {2003},
  keywords = {Potential energy surfaces},
  author = {Wales, David J.}
}


