
@article{StukowskiVisualizationanalysisatomistic2010,
  title = {Visualization and Analysis of Atomistic Simulation Data with {{OVITO}}–the {{Open Visualization Tool}}},
  volume = {18},
  url = {http://stacks.iop.org/0965-0393/18/i=1/a=015012},
  number = {1},
  journaltitle = {Modelling and Simulation in Materials Science and Engineering},
  date = {2010},
  pages = {15012-15012},
  author = {Stukowski, Alexander}
}

@article{SheppardOptimizationmethodsfinding2008,
  eprinttype = {pubmed},
  eprint = {18397052},
  title = {Optimization Methods for Finding Minimum Energy Paths.},
  volume = {128},
  doi = {10.1063/1.2841941},
  number = {13},
  journaltitle = {The Journal of chemical physics},
  date = {2008-04},
  pages = {134106-134106},
  author = {Sheppard, Daniel and Terrell, Rye and Henkelman, Graeme},
  file = {/home/trombach/.zotero/zotero/yhjnkvs7.default/zotero/storage/7A7U3MTU/Sheppard, Terrell, Henkelman - 2008 - Optimization methods for finding minimum energy paths.pdf}
}

@article{RungeDensityFunctionalTheoryTimeDependent1984,
  title = {Density-{{Functional Theory}} for {{Time}}-{{Dependent Systems}}},
  volume = {52},
  url = {http://link.aps.org/doi/10.1103/PhysRevLett.52.997},
  doi = {10.1103/PhysRevLett.52.997},
  number = {12},
  journaltitle = {Physical Review Letters},
  date = {1984-03},
  pages = {997-1000},
  author = {Runge, Erich and Gross, E. K. U.},
  file = {/home/trombach/.zotero/zotero/yhjnkvs7.default/zotero/storage/5ET67GMH/Runge, Gross - 1984 - Density-Functional Theory for Time-Dependent Systems.pdf;/home/trombach/.zotero/zotero/yhjnkvs7.default/zotero/storage/V3UJJIUQ/Runge, Gross - 1984 - Density-Functional Theory for Time-Dependent Systems.pdf}
}

@article{MoellmannDFTDstudystructural2012,
  eprinttype = {pubmed},
  eprint = {23032480},
  title = {A {{DFT}}-{{D}} Study of Structural and Energetic Properties of {{TiO2}} Modifications.},
  volume = {24},
  doi = {10.1088/0953-8984/24/42/424206},
  number = {42},
  journaltitle = {Journal of Physics : Condensed Matter},
  date = {2012-10},
  pages = {424206-424206},
  keywords = {Adsorption,Chemical,Computer Simulation,Models,Quantum Theory,Surface Properties,Titanium,Titanium: chemistry},
  author = {Moellmann, Jonas and Ehrlich, Stephan and Tonner, Ralf and Grimme, Stefan},
  file = {/home/trombach/.zotero/zotero/yhjnkvs7.default/zotero/storage/7U2VUCNP/Moellmann et al. - 2012 - A DFT-D study of structural and energetic properties of TiO2 modifications.pdf;/home/trombach/.zotero/zotero/yhjnkvs7.default/zotero/storage/9B66RH5B/Moellmann et al. - 2012 - A DFT-D study of structural and energetic properties of TiO2 modifications.pdf}
}

@incollection{ElliottExcitedstatestimedependent2009,
  title = {Excited States from Time-Dependent Density Functional Theory},
  url = {http://dx.doi.org/10.1002/9780470399545.ch3},
  booktitle = {Reviews in {{Computational Chemistry}}},
  publisher = {{John Wiley \& Sons, Inc.}},
  date = {2009},
  pages = {91-165},
  author = {Elliott, Peter and Burke, Kieron},
  file = {/home/trombach/.zotero/zotero/yhjnkvs7.default/zotero/storage/WQCGJNJA/Elliott, Burke - 2009 - Excited states from time-dependent density functional theory.pdf;/home/trombach/.zotero/zotero/yhjnkvs7.default/zotero/storage/Z33V8K89/Elliott, Burke - 2009 - Excited states from time-dependent density functional theory.pdf},
  doi = {10.1002/9780470399545.ch3}
}

@article{AhlrichsEfficientevaluationthreecenter2004,
  title = {Efficient Evaluation of Three-Center Two-Electron Integrals over {{Gaussian}} Functions},
  volume = {6},
  journaltitle = {Phys. Chem. Chem. Phys.},
  date = {2004},
  pages = {5119-5121},
  author = {Ahlrichs, R}
}

@article{Kresse_Efficiencyabinitiototal_1996,
  title = {Efficiency of Ab-Initio Total Energy Calculations for Metals and Semiconductors Using a Plane-Wave Basis Set},
  volume = {6},
  url = {http://dx.doi.org/10.1016/0927-0256(96)00008-0},
  doi = {10.1016/0927-0256(96)00008-0},
  number = {1},
  journaltitle = {Computational Materials Science},
  date = {1996-07},
  pages = {15-50},
  author = {Kresse, G and Furthmüller, J}
}

@article{WeigendRIMP2optimizedauxiliary1998,
  title = {{{RI}}-{{MP2}}: Optimized Auxiliary Basis Sets and Demonstration of Efficiency},
  volume = {294},
  url = {http://dx.doi.org/10.1016/S0009-2614(98)00862-8},
  doi = {10.1016/S0009-2614(98)00862-8},
  number = {1-3},
  journaltitle = {Chemical Physics Letters},
  date = {1998-09},
  pages = {143-152},
  author = {Weigend, Florian and Häser, Marco and Patzelt, Holger and Ahlrichs, Reinhart}
}

@article{MommaVESTAthreedimensionalvisualization2011,
  title = {{{VESTA}} 3 for Three-Dimensional Visualization of Crystal, Volumetric and Morphology Data},
  volume = {44},
  url = {http://dx.doi.org/10.1107/S0021889811038970},
  doi = {10.1107/S0021889811038970},
  number = {6},
  journaltitle = {Journal of Applied Crystallography},
  date = {2011-12},
  pages = {1272-1276},
  author = {Momma, Koichi and Izumi, Fujio}
}

@article{FrischGaussian09Revision,
  title = {Gaussian 09 {{Revision C}}.01, {{Gaussian Inc}}. {{Wallingford CT}} 2009},
  author = {Frisch, M J and Trucks, G W and Schlegel, H B and Scuseria, G E and Robb, M A and Cheeseman, J R and Scalmani, G and Barone, V and Mennucci, B and Petersson, G A and Nakatsuji, H and Caricato, M and Li, X and Hratchian, H P and Izmaylov, A F and Bloino, J and Zheng, G and Sonnenberg, J L and Hada, M and Ehara, M and Toyota, K and Fukuda, R and Hasegawa, J and Ishida, M and Nakajima, T and Honda, Y and Kitao, O and Nakai, H and Vreven, T and Montgomery Jr., J A and Peralta, J E and Ogliaro, F and Bearpark, M and Heyd, J J and Brothers, E and Kudin, K N and Staroverov, V N and Kobayashi, R and Normand, J and Raghavachari, K and Rendell, A and Burant, J C and Iyengar, S S and Tomasi, J and Cossi, M and Rega, N and Millam, J M and Klene, M and Knox, J E and Cross, J B and Bakken, V and Adamo, C and Jaramillo, J and Gomperts, R and Stratmann, R E and Yazyev, O and Austin, A J and Cammi, R and Pomelli, C and Ochterski, J W and Martin, R L and Morokuma, K and Zakrzewski, V G and Voth, G A and Salvador, P and Dannenberg, J J and Dapprich, S and Daniels, A D and Farkas, Ö and Foresman, J B and Ortiz, J V and Cioslowski, J and Fox, D J}
}

@article{PerdewGeneralizedGradientApproximation1997,
  title = {Generalized {{Gradient Approximation Made Simple}} [{{Phys}}. {{Rev}}. {{Lett}}. 77, 3865 (1996)]},
  volume = {78},
  url = {http://dx.doi.org/10.1103/PhysRevLett.78.1396},
  doi = {10.1103/PhysRevLett.78.1396},
  number = {7},
  journaltitle = {Physical Review Letters},
  date = {1997-02},
  pages = {1396-1396},
  author = {Perdew, John P and Burke, Kieron and Ernzerhof, Matthias}
}

@article{DeglmannNuclearsecondanalytical2004,
  title = {Nuclear Second Analytical Derivative Calculations Using Auxiliary Basis Set Expansion},
  volume = {384},
  journaltitle = {Chem. Phys. Lett.},
  date = {2004},
  pages = {103-103},
  author = {Deglmann, P and May, K and Furche, F and Ahlrichs, R}
}

@article{Perdew_GeneralizedGradientApproximation_1996,
  title = {Generalized {{Gradient Approximation Made Simple}}},
  volume = {77},
  url = {http://link.aps.org/doi/10.1103/PhysRevLett.77.3865},
  doi = {10.1103/PhysRevLett.77.3865},
  number = {18},
  journaltitle = {Physical Review Letters},
  date = {1996-10},
  pages = {3865-3868},
  author = {Perdew, John P and Burke, Kieron and Ernzerhof, Matthias}
}

@article{MonkhorstSpecialpointsBrillouinzone1976,
  title = {Special Points for {{Brillouin}}-Zone Integrations},
  volume = {13},
  url = {http://dx.doi.org/10.1103/PhysRevB.13.5188},
  doi = {10.1103/PhysRevB.13.5188},
  number = {12},
  journaltitle = {Physical Review B},
  date = {1976-06},
  pages = {5188-5192},
  author = {Monkhorst, Hendrik J and Pack, James D}
}

@article{Grimme_Effectdampingfunction_2011,
  title = {Effect of the Damping Function in Dispersion Corrected Density Functional Theory},
  volume = {32},
  url = {http://dx.doi.org/10.1002/jcc.21759},
  doi = {10.1002/jcc.21759},
  number = {7},
  journaltitle = {Journal of Computational Chemistry},
  date = {2011-05},
  pages = {1456-1465},
  author = {Grimme, Stefan and Ehrlich, Stephan and Goerigk, Lars}
}

@article{Blochl_Projectoraugmentedwavemethod_1994,
  title = {Projector Augmented-Wave Method},
  volume = {50},
  url = {http://dx.doi.org/10.1103/PhysRevB.50.17953},
  doi = {10.1103/PhysRevB.50.17953},
  number = {24},
  journaltitle = {Physical Review B},
  date = {1994-12},
  pages = {17953-17979},
  author = {Blöchl, P E},
  file = {/home/trombach/.zotero/zotero/yhjnkvs7.default/zotero/storage/FEIUPSV8/Blöchl - 1994 - Projector augmented-wave method.pdf}
}

@article{SchaferFullyoptimizedcontracted1992,
  title = {Fully Optimized Contracted {{Gaussian}} Basis Sets for Atoms {{Li}} to {{Kr}}},
  volume = {97},
  url = {http://scitation.aip.org/content/aip/journal/jcp/97/4/10.1063/1.463096},
  doi = {10.1063/1.463096},
  number = {4},
  journaltitle = {The Journal of Chemical Physics},
  date = {1992},
  pages = {2571-2577},
  author = {Schäfer, Ansgar and Horn, Hans and Ahlrichs, Reinhart},
  file = {/home/trombach/.zotero/zotero/yhjnkvs7.default/zotero/storage/SFFGCUH7/Schäfer, Horn, Ahlrichs - 1992 - Fully optimized contracted Gaussian basis sets for atoms Li to Kr.pdf}
}

@article{StollEasySpincomprehensivesoftware2006,
  title = {{{EasySpin}}, a Comprehensive Software Package for Spectral Simulation and Analysis in {{EPR}}},
  volume = {178},
  journaltitle = {J. Magn. Reson.},
  date = {2006},
  pages = {42-55},
  author = {Stoll, S and Schweiger, A}
}

@article{SierkaFastevaluationCoulomb2003,
  title = {Fast Evaluation of the {{Coulomb}} Potential for Electron Densities Using Multipole Accelerated Resolution of Identity Approximation},
  volume = {118},
  url = {http://scitation.aip.org/content/aip/journal/jcp/118/20/10.1063/1.1567253},
  doi = {10.1063/1.1567253},
  number = {20},
  journaltitle = {The Journal of Chemical Physics},
  date = {2003},
  pages = {9136-9148},
  author = {Sierka, Marek and Hogekamp, Annika and Ahlrichs, Reinhart},
  file = {/home/trombach/.zotero/zotero/yhjnkvs7.default/zotero/storage/ZPT44JB4/Sierka, Hogekamp, Ahlrichs - 2003 - Fast evaluation of the Coulomb potential for electron densities using multipole accelerated resoluti.pdf}
}

@article{LegaultCYLview0b2009,
  title = {{{CYLview}} 1.0b},
  date = {2009},
  author = {Legault, C Y}
}

@article{Grimme_consistentaccurateinitio_2010,
  title = {A Consistent and Accurate Ab Initio Parametrization of Density Functional Dispersion Correction ({{DFT}}-{{D}}) for the 94 Elements {{H}}-{{Pu}}.},
  volume = {132},
  url = {http://dx.doi.org/10.1063/1.3382344},
  doi = {10.1063/1.3382344},
  number = {15},
  journaltitle = {The Journal of Chemical Physics},
  date = {2010-04},
  pages = {154104-154104},
  author = {Grimme, Stefan and Antony, Jens and Ehrlich, Stephan and Krieg, Helge}
}

@article{Kresse_ultrasoftpseudopotentialsprojector_1999,
  title = {From Ultrasoft Pseudopotentials to the Projector Augmented-Wave Method},
  volume = {59},
  url = {http://dx.doi.org/10.1103/PhysRevB.59.1758},
  doi = {10.1103/PhysRevB.59.1758},
  number = {3},
  journaltitle = {Physical Review B},
  date = {1999-01},
  pages = {1758-1775},
  author = {Kresse, G and Joubert, D.}
}

@article{HattigDistributedmemoryparallel2006,
  title = {Distributed Memory Parallel Implementation of Energies and Gradients for Second-Order {{M}}$\backslash$oller-{{Plesset}} Perturbation Theory with the Resolution-of-the-Identity Approximation},
  volume = {8},
  url = {http://dx.doi.org/10.1039/b515355g},
  doi = {10.1039/b515355g},
  number = {10},
  journaltitle = {Physical Chemistry Chemical Physics},
  date = {2006},
  pages = {1159-1159},
  author = {Hättig, Christof and Hellweg, Arnim and Köhn, Andreas}
}

@article{Kresseinitiomoleculardynamicssimulation1994,
  title = {Ab Initio Molecular-Dynamics Simulation of the Liquid-Metal-Amorphous-Semiconductor Transition in Germanium},
  volume = {49},
  url = {http://dx.doi.org/10.1103/PhysRevB.49.14251},
  doi = {10.1103/PhysRevB.49.14251},
  number = {20},
  journaltitle = {Physical Review B},
  date = {1994-05},
  pages = {14251-14269},
  author = {Kresse, G and Hafner, J}
}

@article{Becke_Densityfunctionalexchangeenergyapproximation_1988,
  title = {Density-Functional Exchange-Energy Approximation with Correct Asymptotic Behavior},
  volume = {38},
  journaltitle = {Physical Review A},
  date = {1988},
  pages = {3098-3100},
  author = {Becke, A D}
}

@article{teVeldeChemistryADF2001,
  title = {Chemistry with {{ADF}}},
  volume = {22},
  url = {http://dx.doi.org/10.1002/jcc.1056},
  doi = {10.1002/jcc.1056},
  number = {9},
  journaltitle = {Journal of Computational Chemistry},
  date = {2001-07},
  pages = {931-967},
  keywords = {ADF program,chemical bond,density functional theory,materials science,reactivity},
  author = {te Velde, G and Bickelhaupt, F M and Baerends, E J and Fonseca Guerra, C. and van Gisbergen, S J A and Snijders, J G and Ziegler, T},
  options = {useprefix=true},
  file = {/home/trombach/.zotero/zotero/yhjnkvs7.default/zotero/storage/ZSHIQJ2M/te Velde et al. - 2001 - Chemistry with ADF.pdf}
}

@article{Perdew_Densityfunctionalapproximationcorrelation_1986,
  title = {Density-Functional Approximation for the Correlation Energy of the Inhomogeneous Electron Gas},
  volume = {33},
  journaltitle = {Phys. Rev. B},
  date = {1986},
  pages = {8822-8824},
  author = {Perdew, J P}
}

@article{HumphreyVMDVisualmolecular1996,
  title = {{{VMD}}: {{Visual}} Molecular Dynamics},
  volume = {14},
  url = {http://dx.doi.org/10.1016/0263-7855(96)00018-5},
  doi = {10.1016/0263-7855(96)00018-5},
  number = {1},
  journaltitle = {Journal of Molecular Graphics},
  date = {1996-02},
  pages = {33-38},
  author = {Humphrey, William and Dalke, Andrew and Schulten, Klaus}
}

@article{CurtaroloAFLOWautomaticframework2012,
  title = {{{AFLOW}}: {{An}} Automatic Framework for High-Throughput Materials Discovery},
  volume = {58},
  url = {http://dx.doi.org/10.1016/j.commatsci.2012.02.005},
  doi = {10.1016/j.commatsci.2012.02.005},
  journaltitle = {Computational Materials Science},
  date = {2012-06},
  pages = {218-226},
  author = {Curtarolo, Stefano and Setyawan, Wahyu and Hart, Gus L W and Jahnatek, Michal and Chepulskii, Roman V and Taylor, Richard H and Wang, Shidong and Xue, Junkai and Yang, Kesong and Levy, Ohad and {et al.}}
}

@article{Weigend_Balancedbasissets_2005,
  eprinttype = {pubmed},
  eprint = {16240044},
  title = {Balanced Basis Sets of Split Valence, Triple Zeta Valence and Quadruple Zeta Valence Quality for {{H}} to {{Rn}}: {{Design}} and Assessment of Accuracy.},
  volume = {7},
  doi = {10.1039/b508541a},
  number = {18},
  journaltitle = {Physical Chemistry Chemical Physics},
  date = {2005-09},
  pages = {3297-3305},
  keywords = {Chemical,Models,Quantum Theory,Algorithms,Chemistry,Hydrogen,Hydrogen: chemistry,Oxidation-Reduction,Physical,Physicochemical Phenomena,Radon,Radon: chemistry,Rubidium,Rubidium: chemistry},
  author = {Weigend, Florian and Ahlrichs, Reinhart}
}

@article{Kresseinitiomoleculardynamics1993,
  title = {Ab Initio Molecular Dynamics for Liquid Metals},
  volume = {47},
  url = {http://dx.doi.org/10.1103/PhysRevB.47.558},
  doi = {10.1103/PhysRevB.47.558},
  number = {1},
  journaltitle = {Physical Review B},
  date = {1993-01},
  pages = {558-561},
  author = {Kresse, G and Hafner, J}
}

@article{WeigendRIMP2firstderivatives1997,
  title = {{{RI}}-{{MP2}}: First Derivatives and Global Consistency},
  volume = {97},
  url = {http://dx.doi.org/10.1007/s002140050269},
  doi = {10.1007/s002140050269},
  number = {1-4},
  journaltitle = {Theoretical Chemistry Accounts},
  date = {1997},
  pages = {331-340},
  keywords = {Key words: Gradients,Perturbation theory of elect},
  author = {Weigend, Florian and Häser, Marco}
}

@article{KeithAIMALLVersion132013,
  title = {{{AIMALL}} ({{Version}} 13.05.06)},
  date = {2013},
  author = {Keith, Todd A}
}

@article{GlendeningNBOVersion,
  title = {{{NBO Version}} 3.1},
  author = {Glendening, E D and Reeda, A E and Carpenter, J E and Weinhold, F}
}

@article{MathworksMatlabR2012a142012,
  title = {Matlab {{R2012a}} (7.14.0.739)},
  date = {2012},
  author = {Mathworks, The}
}

@book{Szabo_ModernQuantumChemistry_1996,
  location = {{Dover}},
  title = {Modern {{Quantum Chemistry}}: {{Introduction}} to {{Advanced Electronic Structure Theory}}},
  isbn = {978-0-486-69186-2},
  url = {http://books.google.de/books?id=6mV9gYzEkgIC},
  series = {Dover Books on Chemistry Series},
  publisher = {{Dover Publications}},
  date = {1996},
  author = {Szabo, A and Ostlund, N S}
}

@article{King_DlibmlMachineLearning_2009,
  title = {Dlib-Ml: {{A Machine Learning Toolkit}}},
  volume = {10},
  journaltitle = {Journal of Machine Learning Research},
  date = {2009},
  pages = {1755-1758},
  author = {King, Davis E.}
}

@incollection{Lowdin_CorrelationProblemManyElectron_1958,
  langid = {english},
  title = {Correlation {{Problem}} in {{Many}}-{{Electron Quantum Mechanics I}}. {{Review}} of {{Different Approaches}} and {{Discussion}} of {{Some Current Ideas}}},
  isbn = {978-0-470-14348-3},
  url = {http://onlinelibrary.wiley.com/doi/10.1002/9780470143483.ch7/summary},
  booktitle = {Advances in {{Chemical Physics}}},
  publisher = {{John Wiley \& Sons, Inc.}},
  urldate = {2018-03-14},
  date = {1958},
  pages = {207-322},
  keywords = {correlation energy,coulomb correlation,electronic correlation,Hartree-Fock scheme,Schrödinger equation},
  author = {Löwdin, Per-Olov},
  editor = {Prigogine, I.},
  file = {/home/trombach/.zotero/zotero/yhjnkvs7.default/zotero/storage/NA3TXI79/Löwdin - 1958 - Correlation Problem in Many-Electron Quantum Mecha.pdf;/home/trombach/.zotero/zotero/yhjnkvs7.default/zotero/storage/55PLAR9B/summary.html},
  doi = {10.1002/9780470143483.ch7}
}

@book{_boost_2002,
  location = {{Boston, MA, USA}},
  title = {The {{Boost Graph Library}}: {{User Guide}} and {{Reference Manual}}},
  isbn = {0-201-72914-8},
  publisher = {{Addison-Wesley Longman Publishing Co., Inc.}},
  date = {2002},
  key = {!!}
}

@book{Cormen_IntroductionAlgorithms3rd_2009,
  langid = {english},
  location = {{Cambridge, Mass}},
  title = {Introduction to {{Algorithms}}, 3rd {{Edition}}},
  edition = {3rd edition},
  isbn = {978-0-262-03384-8},
  pagetotal = {1312},
  publisher = {{The MIT Press}},
  date = {2009-07-31},
  author = {Cormen, Thomas H. and Leiserson, Charles E. and Rivest, Ronald L. and Stein, Clifford}
}

@book{Stroustrup_programminglanguage_2000,
  location = {{Reading, Mass}},
  title = {The {{C}}++ Programming Language},
  edition = {Special edition},
  isbn = {978-0-201-70073-2},
  publisher = {{Addison-Wesley}},
  date = {2000},
  keywords = {C++ (Computer program language)},
  author = {Stroustrup, Bjarne}
}

@article{Goldstein_effectivealgorithmminimization_1967,
  langid = {english},
  title = {An Effective Algorithm for Minimization},
  volume = {10},
  issn = {0029-599X, 0945-3245},
  url = {https://link.springer.com/article/10.1007/BF02162162},
  doi = {10/dpfr4c},
  number = {3},
  journaltitle = {Numerische Mathematik},
  shortjournal = {Numer. Math.},
  urldate = {2018-05-29},
  date = {1967-10-01},
  pages = {184-189},
  author = {Goldstein, A. A. and Price, J. F.},
  file = {/home/trombach/.zotero/zotero/yhjnkvs7.default/zotero/storage/UVLYUPR2/BF02162162.html}
}

@article{Levenberg_methodsolutioncertain_1944,
  eprinttype = {jstor},
  eprint = {43633451},
  title = {A Method for the Solution of Certain Nonlinear Problems in Least Squares},
  volume = {2},
  issn = {0033-569X},
  doi = {10.1090/qam/10666},
  number = {2},
  journaltitle = {Quarterly of Applied Mathematics},
  date = {1944},
  pages = {164-168},
  author = {Levenberg, Kenneth}
}

@article{Marquardt_AlgorithmLeastSquaresEstimation_1963,
  eprinttype = {jstor},
  eprint = {2098941},
  title = {An {{Algorithm}} for {{Least}}-{{Squares Estimation}} of {{Nonlinear Parameters}}},
  volume = {11},
  issn = {0368-4245},
  doi = {10.1137/0111030},
  number = {2},
  journaltitle = {Journal of the Society for Industrial and Applied Mathematics},
  date = {1963},
  pages = {431-441},
  author = {Marquardt, Donald W.}
}

@article{Goldfeld_MaximizationQuadraticHillClimbing_1966,
  eprinttype = {jstor},
  eprint = {1909768},
  title = {Maximization by {{Quadratic Hill}}-{{Climbing}}},
  volume = {34},
  issn = {0012-9682},
  doi = {10/c6mpm4},
  number = {3},
  journaltitle = {Econometrica},
  date = {1966},
  pages = {541-551},
  author = {Goldfeld, Stephen M. and Quandt, Richard E. and Trotter, Hale F.}
}


