
@article{Trombach_HollowGoldCages_2016,
  langid = {english},
  title = {Hollow {{Gold Cages}} and {{Their Topological Relationship}} to {{Dual Fullerenes}}},
  volume = {22},
  issn = {1521-3765},
  url = {http://onlinelibrary.wiley.com/doi/10.1002/chem.201601239/abstract},
  doi = {10.1002/chem.201601239},
  number = {26},
  journaltitle = {Chemistry – A European Journal},
  shortjournal = {Chem. Eur. J.},
  urldate = {2018-03-15},
  date = {2016-06-20},
  pages = {8823-8834},
  keywords = {Goldberg–Coxeter transforms,golden dual fullerenes,nanostructures,photoelectron spectroscopy,topology},
  author = {Trombach, Lukas and Rampino, Sergio and Wang, Lai-Sheng and Schwerdtfeger, Peter},
  file = {/home/trombach/.zotero/zotero/yhjnkvs7.default/zotero/storage/Y8ZJTJML/Trombach Lukas et al. - 2016 - Hollow Gold Cages and Their Topological Relationsh.pdf;/home/trombach/.zotero/zotero/yhjnkvs7.default/zotero/storage/JIMXM3J9/chem.html;/home/trombach/.zotero/zotero/yhjnkvs7.default/zotero/storage/ZC6CHA78/abstract.html}
}

@article{Trombach_stickyhardsphereLennardJonestypeclusters_2018,
  title = {From Sticky-Hard-Sphere to {{Lennard}}-{{Jones}}-Type Clusters},
  volume = {97},
  url = {https://link.aps.org/doi/10.1103/PhysRevE.97.043309},
  doi = {10/gdcdvm},
  number = {4},
  journaltitle = {Physical Review E},
  shortjournal = {Phys. Rev. E},
  urldate = {2018-04-24},
  date = {2018-04-24},
  pages = {043309},
  author = {Trombach, Lukas and Hoy, Robert S. and Wales, David J. and Schwerdtfeger, Peter},
  file = {/home/trombach/.zotero/zotero/yhjnkvs7.default/zotero/storage/VV8BQS6H/Trombach et al. - 2018 - From sticky-hard-sphere to Lennard-Jones-type clus.pdf;/home/trombach/.zotero/zotero/yhjnkvs7.default/zotero/storage/LJ2LEUJ4/PhysRevE.97.html}
}

@inproceedings{Trombach_EnergyLandscapesLennardJones_2018,
  location = {{Costa Ballena, Rota, Cádiz (Spain)}},
  title = {From {{Energy Landscapes}} for {{Lennard}}-{{Jones}} Clusters to the {{Gregory}}-{{Newton Problem}}},
  volume = {X},
  isbn = {978-84-697-7861-6},
  eventtitle = {{{CMMSE}} 2018},
  booktitle = {Proceedings of the 18th {{International Conference}} on {{Computational}} and {{Mathematical Methods}} in {{Science}} and {{Engineering}}},
  date = {2018},
  pages = {XX-XX},
  keywords = {\#nosource},
  author = {Trombach, Lukas and Hoy, Robert S and Wales, David J and Schwerdtfeger, Peter}
}

@article{Trombach_GregoryNewtonproblemkissing_2018,
  archivePrefix = {arXiv},
  eprinttype = {arxiv},
  eprint = {1808.02982},
  title = {Gregory-{{Newton}} Problem for Kissing Sticky Spheres},
  volume = {98},
  url = {https://link.aps.org/doi/10.1103/PhysRevE.98.033311},
  doi = {10.1103/PhysRevE.98.033311},
  number = {3},
  journaltitle = {Physical Review E},
  shortjournal = {Phys. Rev. E},
  urldate = {2018-08-13},
  date = {2018-09-28},
  pages = {033311},
  keywords = {Condensed Matter - Soft Condensed Matter,Physics - Atomic and Molecular Clusters},
  author = {Trombach, Lukas and Schwerdtfeger, Peter},
  file = {/home/trombach/.zotero/zotero/yhjnkvs7.default/zotero/storage/BPY2TWUG/Trombach and Schwerdtfeger - 2018 - Gregory-Newton problem for kissing sticky spheres.pdf;/home/trombach/.zotero/zotero/yhjnkvs7.default/zotero/storage/675GVGLL/PhysRevE.98.html;/home/trombach/.zotero/zotero/yhjnkvs7.default/zotero/storage/PFLF5DUF/1808.html}
}

@article{Liebold_experimentalcomputationalstudy_2018,
  langid = {english},
  title = {An Experimental and Computational Study on Isomerically Pure, Soluble Azaphthalocyanines and Their Complexes and Boron Azasubphthalocyanines of a Varying Number of Aza Units},
  volume = {16},
  issn = {1477-0539},
  url = {https://pubs.rsc.org/en/content/articlelanding/2018/ob/c8ob01705k},
  doi = {10/gd7gm7},
  number = {35},
  journaltitle = {Organic \& Biomolecular Chemistry},
  shortjournal = {Org. Biomol. Chem.},
  urldate = {2018-09-20},
  date = {2018-09-11},
  pages = {6586-6599},
  author = {Liebold, Martin and Sharikow, Eugen and Seikel, Elisabeth and Trombach, Lukas and Harms, Klaus and Zimcik, Petr and Novakova, Veronika and Tonner, Ralf and Sundermeyer, Jörg},
  file = {/home/trombach/.zotero/zotero/yhjnkvs7.default/zotero/storage/Q6MNW6WN/Liebold et al. - 2018 - An experimental and computational study on isomeri.pdf;/home/trombach/.zotero/zotero/yhjnkvs7.default/zotero/storage/7WH3SVDX/C8OB01705K.html}
}

@article{Molon_HumeRotheryPhaseInspired_2014,
  title = {Hume–{{Rothery Phase}}-{{Inspired Metal}}-{{Rich Molecules}}: {{Cluster Expansion}} of [{{Ni}}({{ZnMe}})6({{ZnCp}}*)2] by {{Face Capping}} with {{Ni0}}(Η6-Toluene) and {{NiI}}(Η5-{{Cp}}*)},
  volume = {53},
  issn = {0020-1669},
  url = {https://doi.org/10.1021/ic5014335},
  doi = {10/gd7gm8},
  shorttitle = {Hume–{{Rothery Phase}}-{{Inspired Metal}}-{{Rich Molecules}}},
  number = {19},
  journaltitle = {Inorganic Chemistry},
  shortjournal = {Inorg. Chem.},
  urldate = {2018-09-20},
  date = {2014-10-06},
  pages = {10403-10411},
  author = {Molon, Mariusz and Gemel, Christian and Jerabek, Paul and Trombach, Lukas and Frenking, Gernot and Fischer, Roland A.},
  file = {/home/trombach/.zotero/zotero/yhjnkvs7.default/zotero/storage/CNS48H4I/Molon et al. - 2014 - Hume–Rothery Phase-Inspired Metal-Rich Molecules .pdf;/home/trombach/.zotero/zotero/yhjnkvs7.default/zotero/storage/WCS8MX6I/ic5014335.html}
}


